@BOOK{OlaEnergy2024,
  title = {About Us - Corporate Profile},
  publisher = {OLA Energy},
  year = {2024},
  author = {OLA Energy},
  owner = {ines},
  timestamp = {2024.09.14}
}


@BOOK{Microsoft2024,
  title = {Pr√©sentation de Power Apps - Vue d'ensemble},
  publisher = {Microsoft},
  year = {2024},
  author = {Microsoft},
  owner = {ines},
  timestamp = {2024.09.14}
}

@BOOK{Dophis2024,
  title = {Tutoriels VBA Excel},
  publisher = {Dophis},
  year = {2024},
  author = {Dophis},
  owner = {ines},
  timestamp = {2024.09.14}
}



